% This file was created with JabRef 2.9.2.
% Encoding: UTF8

@ARTICLE{toto,
  author = {tÃªte},
  title = {toto},
  journal = {toto},
  year = {toto},
  volume = {toto},
  pages = {toto},
  owner = {eliat},
  timestamp = {2017.05.31}
}

